
option "operating_currency" "EUR"

* Accounts

2021-01-01 open Expenses:Commun:Courses
2021-01-01 open Expenses:Commun:Pharmacie
2021-01-01 open Expenses:Commun:Restaurant
2021-01-01 open Expenses:Commun:Loisir

2021-01-01 open Assets:Bank:Bob
2021-01-01 open Assets:Bank:Alice
2021-01-01 open Assets:Bank:Commun:Bob
2021-01-01 open Assets:Bank:Commun:Alice

2021-01-01 open Income:Salary:Bob
2021-01-01 open Income:Salary:Alice

* 2022-12

2021-12-30 * "Salaire Bob" "Mois décembre 2021"
    Assets:Bank:Bob                 2000.0 EUR
    Income:Salary:Bob

2021-12-30 * "Salaire Alice" "Mois décembre 2021"
    Assets:Bank:Alice               3000.0 EUR
    Income:Salary:Alice

; Ratio de contribution :
;
; ratio_bob = 2000.0 / 5000.0 = 0.4
; ratio_alice = 3000.0 / 5000.0 = 0.6

* 2022-01

2022-01-02 * "Recharge" "Compte commun Bob"
    recharge: "bob"
    Assets:Bank:Commun:Bob          200.00 EUR
    Assets:Bank:Bob

2022-01-02 * "Recharge" "Compte commun Alice"
    recharge: "alice"
    Assets:Bank:Commun:Alice        300.00 EUR
    Assets:Bank:Alice

2022-01-04 * "Courses" "Auchan"
    courses: "auchan"
    Expenses:Commun:Courses         120.69 EUR
    Assets:Bank:Commun:Bob          -48.27 EUR  ; 120.69 * 0.4
    Assets:Bank:Commun:Alice        -72.42 EUR  ; 120.69 - 48.27

2022-01-05 * "Courses" "Biocoop"
    courses: "biocoop"
    Expenses:Commun:Courses           23.2 EUR
    Assets:Bank:Commun:Bob           -9.28 EUR  ; 23.2 * 0.4
    Assets:Bank:Commun:Alice        -13.92 EUR  ; 23.2 - 9.28

2022-01-05 * "Courses" "Picard"
    courses: "picard"
    Expenses:Commun:Courses          56.65 EUR
    Assets:Bank:Commun:Bob          -22.66 EUR  ; 56.65 * 0.4
    Assets:Bank:Commun:Alice        -33.99 EUR  ; 56.65 - 22.66

2022-01-09 * "Restaurant" "Crêperie Le Ptit Josslin"
    restaurant: "creperie"
    Expenses:Commun:Restaurant        29.0 EUR
    Assets:Bank:Commun:Bob           -11.6 EUR  ; 29.0 * 0.4
    Assets:Bank:Commun:Alice         -17.4 EUR  ; 29.0 - 11.6

2022-01-11 * "Courses" "Inter Marché"
    courses: "intermarche"
    Expenses:Commun:Courses          86.15 EUR
    Assets:Bank:Commun:Bob          -34.46 EUR  ; 86.15 * 0.4
    Assets:Bank:Commun:Alice        -51.69 EUR  ; 86.15 - 34.46

2022-01-14 * "Courses" "Inter Marché"
    courses: "intermarche"
    Expenses:Commun:Courses           8.13 EUR
    Assets:Bank:Commun:Bob           -3.25 EUR  ; 8.13 * 0.4
    Assets:Bank:Commun:Alice         -4.88 EUR  ; 8.13 - 3.25

2022-01-18 * "Courses" "Auchan"
    courses: "auchan"
    Expenses:Commun:Courses          73.87 EUR
    Assets:Bank:Commun:Bob          -29.54 EUR  ; 73.87 * 0.4
    Assets:Bank:Commun:Alice        -44.33 EUR  ; 73.87 - 29.54

2022-01-18 * "Courses" "Auchan"
    courses: "auchan"
    Expenses:Commun:Courses          31.48 EUR
    Assets:Bank:Commun:Bob          -12.59 EUR  ; 31.48 * 0.4
    Assets:Bank:Commun:Alice        -18.89 EUR  ; 31.48 - 12.59

; cutting-off…

* 2023-02

2021-12-30 * "Salaire Bob" "Mois février 2023"
    Assets:Bank:Bob                 2500.0 EUR
    Income:Salary:Bob

2021-12-30 * "Salaire Alice" "Mois février 2023"
    Assets:Bank:Alice               2800.0 EUR
    Income:Salary:Alice

; Ratio de contribution :
;
; ratio_bob = 2500.0 / 5300.0 = 0.47
; ratio_alice = 2800.0 / 5300.0 = 0.52

* 2023-03

2023-03-22 * "Recharge" "Compte commun Bob"
    recharge: "bob"
    Assets:Bank:Commun:Bob          200.00 EUR
    Assets:Bank:Bob

2023-03-22 * "Recharge" "Compte commun Alice"
    recharge: "alice"
    Assets:Bank:Commun:Alice        300.00 EUR
    Assets:Bank:Alice

2023-03-25 * "Restaurant" "crêperie, Le Flibustier"
    restaurant: "creperie"
    Expenses:Commun:Restaurant       31.48 EUR
    Assets:Bank:Commun:Bob          -14.79 EUR  ; 31.48 * 0.47
    Assets:Bank:Commun:Alice        -16.69 EUR  ; 31.48 - 14.79

2023-03-25 * "Musée de l'armée" ""
    loisir: "musee"
    Expenses:Commun:Loisir            56.0 EUR
    Assets:Bank:Commun:Bob          -26.32 EUR  ; 56.0 * 0.47
    Assets:Bank:Commun:Alice        -29.68 EUR  ; 56.0 - 26.32

2023-03-26 * "Billet Reduc, théatre" ""
    loisir: "theatre"
    Expenses:Commun:Loisir            91.5 EUR
    Assets:Bank:Commun:Bob           -43.0 EUR  ; 91.5 * 0.47
    Assets:Bank:Commun:Alice         -48.5 EUR  ; 91.5 - 43.0

2023-03-26 * "Courses" "Supermarché G20"
    courses: "g20"
    Expenses:Commun:Courses          16.05 EUR
    Assets:Bank:Commun:Bob           -7.54 EUR  ; 16.05 * 0.47
    Assets:Bank:Commun:Alice         -8.51 EUR  ; 16.05 - 7.54

2023-03-27 * "Courses" "Supermarché G20"
    courses: "g20"
    Expenses:Commun:Courses          13.37 EUR
    Assets:Bank:Commun:Bob           -6.28 EUR  ; 13.37 * 0.47
    Assets:Bank:Commun:Alice         -7.09 EUR  ; 13.37 - 6.28

2023-03-28 * "Courses" "Biocoop Montrouge"
    courses: "biocoop"
    Expenses:Commun:Courses          30.92 EUR
    Assets:Bank:Commun:Bob          -14.53 EUR  ; 30.92 * 0.47
    Assets:Bank:Commun:Alice        -16.39 EUR  ; 30.92 - 14.53
